@article{Anscombe1973,
author = {F. J. Anscombe},
title = {Graphs in Statistical Analysis},
journal = {The American Statistician},
volume = {27},
number = {1},
pages = {17--21},
year = {1973},
publisher = {Taylor \& Francis},
doi = {10.1080/00031305.1973.10478966},
URL = {https://www.tandfonline.com/doi/abs/10.1080/00031305.1973.10478966},
eprint = {https://www.tandfonline.com/doi/pdf/10.1080/00031305.1973.10478966}
}

@book{Green2017,
author = {Greene, William H.},
booktitle = {Econometric analysis},
isbn = {0134461363},
publisher = {Pearson},
title = {Econometric analysis},
year = {2017}
}

@book{Schmidt1976,
author = {Schmidt, Peter},
title = {Econometrics},
year = {1976},
publisher = {Taylor \& Francis},
isnb = {978-0-8247-8735-6}
}
